<collection xmlns="http://www.loc.gov/MARC21/slim">
<record>
  <leader>01266nam0a22002051i 450 </leader>
  <controlfield tag="001">IT\ICCU\CNCE\078598</controlfield>
  <controlfield tag="005">20140627000000.0</controlfield>
  <datafield tag="012" ind1=" " ind2=" ">
    <subfield code="a">erto s.or ons: envo (C) 1571 (R)</subfield>
    <subfield code="2">fei</subfield>
  </datafield>
  <datafield tag="100" ind1=" " ind2=" ">
    <subfield code="a">20140618d1571        0itac0103    ba</subfield>
  </datafield>
  <datafield tag="101" ind1=" " ind2=" ">
    <subfield code="a">SPA</subfield>
    <subfield code="a">FRE</subfield>
    <subfield code="a">ITA</subfield>
  </datafield>
  <datafield tag="102" ind1=" " ind2=" ">
    <subfield code="a">BE</subfield>
  </datafield>
  <datafield tag="200" ind1="1" ind2=" ">
    <subfield code="a">Dictionario coloqvios, o dialogos en qvatro lengvas, flamenco, frances, espaǫl y italiano : con las conjugaciones, y instructiones, en que se contiene la manera de bien pronunciar y leer las dichas lenguas ; obra muy prouechosa para todos mercaderes y otros de qualquier estado que sean. Dictionaire colloqves, ov dialogves, en qvatre langues: flamen, francois, espaignol, &amp; italien : auec les coniugaisons, &amp; instructions contenantes la maniere de bien prononcer, &amp; lire les langues susdites ; oeuure tres vtile a tous marchans, &amp; autres de quelque estat qu&apos;ilz soyent</subfield>
  </datafield>
  <datafield tag="210" ind1=" " ind2=" ">
    <subfield code="a">En Anuers</subfield>
    <subfield code="c">Chez Iehan VVithaye</subfield>
    <subfield code="d">1571</subfield>
  </datafield>
  <datafield tag="215" ind1=" " ind2=" ">
    <subfield code="a">\248! c.</subfield>
    <subfield code="d">8ʻ obl</subfield>
  </datafield>
  <datafield tag="620" ind1=" " ind2=" ">
    <subfield code="a">BE</subfield>
    <subfield code="d">Anversa</subfield>
  </datafield>
  <datafield tag="712" ind1="0" ind2="0">
    <subfield code="a">Verwithagen, Jan</subfield>
    <subfield code="3">IT\ICCU\CNCT\006477</subfield>
    <subfield code="4">650</subfield>
  </datafield>
  <datafield tag="791" ind1="0" ind2="0">
    <subfield code="a">Withagius, Joannes</subfield>
    <subfield code="3">IT\ICCU\CNCT\006478</subfield>
    <subfield code="z">Verwithagen, Jan</subfield>
  </datafield>
  <datafield tag="791" ind1="0" ind2="0">
    <subfield code="a">VVithaye, Iehan</subfield>
    <subfield code="3">IT\ICCU\CNCT\006479</subfield>
    <subfield code="z">Verwithagen, Jan</subfield>
  </datafield>
  <datafield tag="801" ind1=" " ind2="3">
    <subfield code="a">IT</subfield>
    <subfield code="b">ICCU</subfield>
    <subfield code="c">20201115</subfield>
  </datafield>
  <datafield tag="899" ind1=" " ind2=" ">
    <subfield code="a">Biblioteca nazionale Vittorio Emanuele III. Napoli</subfield>
    <subfield code="1">NA0079</subfield>
    <subfield code="2">NAP BN</subfield>
  </datafield>
</record>
</collection>
